ISA*00*          *00*          *ZZ*PENGUIN        *ZZ*PROVIDER       *260618*1200*U*00501*000000001*0*P*:~GS*HP*PENGUIN*PROVIDER*20260618*1200*1*X*005010X221A1~ST*835*0001~BPR*C*1189.60*C*ACH*CCP*01*999999999*DA*1234567*1234567890**01*999999999*DA*9876543*20260618~TRN*1*ERA-RS-11*1234567890~DTM*405*20260618~N1*PR*PENGUIN HEALTH PLAN~N1*PE*PROVIDER GROUP*XX*9900000001~LX*1~CLP*PAY-RS-0011*1*1260.00*1189.60*0.00*MC*PHP-RS-0011*11~NM1*QC*1*Tucker*Isaiah****MI*MCD-000004~NM1*82*2*MIDWEST CARDIAC AND SPECIALTY GROUP*****XX*1111111111~DTM*232*20260618~SVC*HC:93458*1080.00*1029.60**1~DTM*472*20260618~SVC*HC:99233*180.00*160.00**1~DTM*472*20260618~SE*17*0001~GE*1*1~IEA*1*000000001~