ISA*00*          *00*          *ZZ*PENGUIN        *ZZ*PROVIDER       *260615*1200*U*00501*000000001*0*P*:~GS*HP*PENGUIN*PROVIDER*20260615*1200*1*X*005010X221A1~ST*835*0001~BPR*C*900.00*C*ACH*CCP*01*999999999*DA*1234567*1234567890**01*999999999*DA*9876543*20260615~TRN*1*ERA-RS-08*1234567890~DTM*405*20260615~N1*PR*PENGUIN HEALTH PLAN~N1*PE*PROVIDER GROUP*XX*9900000001~LX*1~CLP*PAY-RS-0008*1*1000.00*900.00*0.00*MC*PHP-RS-0008*11~NM1*QC*1*Crawford*Jaylen****MI*MCD-000002~NM1*82*2*NORTH SHORE REHABILITATION NETWORK*****XX*3333333331~DTM*232*20260615~SVC*HC:29881*1000.00*900.00**1~DTM*472*20260615~SE*15*0001~GE*1*1~IEA*1*000000001~