ISA*00*          *00*          *ZZ*PENGUIN        *ZZ*PROVIDER       *260617*1200*U*00501*000000001*0*P*:~GS*HP*PENGUIN*PROVIDER*20260617*1200*1*X*005010X221A1~ST*835*0001~BPR*C*5440.00*C*ACH*CCP*01*999999999*DA*1234567*1234567890**01*999999999*DA*9876543*20260617~TRN*1*ERA-RS-10*1234567890~DTM*405*20260617~N1*PR*PENGUIN HEALTH PLAN~N1*PE*PROVIDER GROUP*XX*9900000001~LX*1~CLP*PAY-RS-0010*1*6030.00*5440.00*0.00*MC*PHP-RS-0010*11~NM1*QC*1*Monroe*Aaliyah****MI*MCD-000003~NM1*82*2*MIDWEST CARDIAC AND SPECIALTY GROUP*****XX*1111111111~DTM*232*20260617~SVC*HC:27447*5500.00*5000.00**1~DTM*472*20260617~SVC*HC:99215*230.00*200.00**1~DTM*472*20260617~SVC*HC:99213*300.00*240.00**3~DTM*472*20260617~SE*19*0001~GE*1*1~IEA*1*000000001~