ISA*00*          *00*          *ZZ*PENGUIN        *ZZ*PROVIDER       *260616*1200*U*00501*000000001*0*P*:~GS*HP*PENGUIN*PROVIDER*20260616*1200*1*X*005010X221A1~ST*835*0001~BPR*C*200.00*C*ACH*CCP*01*999999999*DA*1234567*1234567890**01*999999999*DA*9876543*20260616~TRN*1*ERA-RS-09*1234567890~DTM*405*20260616~N1*PR*PENGUIN HEALTH PLAN~N1*PE*PROVIDER GROUP*XX*9900000001~LX*1~CLP*PAY-RS-0009*1*230.00*200.00*0.00*MC*PHP-RS-0009*11~NM1*QC*1*Vickers*Amanda****MI*PPO-000012~NM1*82*2*LAKESIDE MULTI SPECIALTY ASSOCIATES*****XX*2222222222~DTM*232*20260616~SVC*HC:99215*230.00*200.00**1~DTM*472*20260616~SE*15*0001~GE*1*1~IEA*1*000000001~