ISA*00*          *00*          *ZZ*PENGUIN        *ZZ*PROVIDER       *260619*1200*U*00501*000000001*0*P*:~GS*HP*PENGUIN*PROVIDER*20260619*1200*1*X*005010X221A1~ST*835*0001~BPR*C*5080.00*C*ACH*CCP*01*999999999*DA*1234567*1234567890**01*999999999*DA*9876543*20260619~TRN*1*ERA-RS-MULTI*1234567890~DTM*405*20260619~N1*PR*PENGUIN HEALTH PLAN~N1*PE*PROVIDER GROUP*XX*9900000001~LX*1~CLP*PAY-RS-M1*1*95.00*80.00*0.00*MC*PHP-M1*11~NM1*QC*1*Perkins*Kylie****MI*MCD-000005~NM1*82*2*MIDWEST CARDIAC AND SPECIALTY GROUP*****XX*1111111111~DTM*232*20260619~SVC*HC:99213*95.00*80.00**1~DTM*472*20260619~CLP*PAY-RS-M2*1*5500.00*5000.00*0.00*MC*PHP-M2*11~NM1*QC*1*Simms*Darius****MI*MCD-000006~NM1*82*2*MIDWEST CARDIAC AND SPECIALTY GROUP*****XX*1111111111~DTM*232*20260619~SVC*HC:27447*5500.00*5000.00**1~DTM*472*20260619~SE*21*0001~GE*1*1~IEA*1*000000001~