ISA*00*          *00*          *ZZ*PENGUIN        *ZZ*PROVIDER       *260614*1200*U*00501*000000001*0*P*:~GS*HP*PENGUIN*PROVIDER*20260614*1200*1*X*005010X221A1~ST*835*0001~BPR*C*396.00*C*ACH*CCP*01*999999999*DA*1234567*1234567890**01*999999999*DA*9876543*20260614~TRN*1*ERA-RS-07*1234567890~DTM*405*20260614~N1*PR*PENGUIN HEALTH PLAN~N1*PE*PROVIDER GROUP*XX*9900000001~LX*1~CLP*PAY-RS-0007*1*480.00*396.00*0.00*MC*PHP-RS-0007*11~NM1*QC*1*Thornton*Eric****MI*PPO-000011~NM1*82*2*NORTH SHORE REHABILITATION NETWORK*****XX*3333333331~DTM*232*20260614~SVC*HC:97110*480.00*396.00**8~DTM*472*20260614~SE*15*0001~GE*1*1~IEA*1*000000001~