ISA*00*          *00*          *ZZ*PENGUIN        *ZZ*PROVIDER       *260610*1200*U*00501*000000001*0*P*:~GS*HP*PENGUIN*PROVIDER*20260610*1200*1*X*005010X221A1~ST*835*0001~BPR*C*80.00*C*ACH*CCP*01*999999999*DA*1234567*1234567890**01*999999999*DA*9876543*20260610~TRN*1*ERA-RS-01*1234567890~DTM*405*20260610~N1*PR*PENGUIN HEALTH PLAN~N1*PE*PROVIDER GROUP*XX*9900000001~LX*1~CLP*PAY-RS-0001*1*95.00*80.00*0.00*MC*PHP-RS-0001*11~NM1*QC*1*Nakamura*Gertrude****MI*MA-000009~NM1*82*2*EXCLUDED RENDERING PROVIDER*****XX*1972902351~DTM*232*20260610~SVC*HC:99213*95.00*80.00**1~DTM*472*20260610~SE*15*0001~GE*1*1~IEA*1*000000001~