ISA*00*          *00*          *ZZ*PENGUIN        *ZZ*PROVIDER       *260611*1200*U*00501*000000001*0*P*:~GS*HP*PENGUIN*PROVIDER*20260611*1200*1*X*005010X221A1~ST*835*0001~BPR*C*9300.00*C*ACH*CCP*01*999999999*DA*1234567*1234567890**01*999999999*DA*9876543*20260611~TRN*1*ERA-RS-02*1234567890~DTM*405*20260611~N1*PR*PENGUIN HEALTH PLAN~N1*PE*PROVIDER GROUP*XX*9900000001~LX*1~CLP*PAY-RS-0002*1*9800.00*9300.00*0.00*MC*PHP-RS-0002*11~NM1*QC*1*Benson*Raymond****MI*MA-000010~NM1*82*2*MIDWEST CARDIAC AND SPECIALTY GROUP*****XX*1111111111~DTM*232*20260611~SVC*HC:27447*9800.00*9300.00**1~DTM*472*20260611~SE*15*0001~GE*1*1~IEA*1*000000001~