ISA*00*          *00*          *ZZ*PENGUIN        *ZZ*PROVIDER       *260613*1200*U*00501*000000001*0*P*:~GS*HP*PENGUIN*PROVIDER*20260613*1200*1*X*005010X221A1~ST*835*0001~BPR*C*96.00*C*ACH*CCP*01*999999999*DA*1234567*1234567890**01*999999999*DA*9876543*20260613~TRN*1*ERA-RS-06*1234567890~DTM*405*20260613~N1*PR*PENGUIN HEALTH PLAN~N1*PE*PROVIDER GROUP*XX*9900000001~LX*1~CLP*PAY-RS-0006*1*120.00*96.00*0.00*MC*PHP-RS-0006*11~NM1*QC*1*Washington*Destiny****MI*MCD-000001~NM1*82*2*NORTH SHORE REHABILITATION NETWORK*****XX*3333333331~DTM*232*20260613~SVC*HC:97110*60.00*48.00**1~DTM*472*20260613~SVC*HC:97112*60.00*48.00**1~DTM*472*20260613~SE*17*0001~GE*1*1~IEA*1*000000001~