ISA*00*          *00*          *ZZ*PENGUIN        *ZZ*PROVIDER       *240115*1200*U*00501*000000001*0*P*:~GS*HP*PENGUIN*PROVIDER*20240115*1200*1*X*005010X221A1~ST*835*0001~BPR*C*80.00*C*ACH*CCP*01*999999999*DA*1234567*1234567890**01*999999999*DA*9876543*20240115~TRN*1*ERA-RS-05*1234567890~DTM*405*20240115~N1*PR*PENGUIN HEALTH PLAN~N1*PE*PROVIDER GROUP*XX*9900000001~LX*1~CLP*PAY-RS-0005*1*95.00*80.00*0.00*MC*PHP-RS-0005*11~NM1*QC*1*Lorenz*Agnes****MI*MA-000011~NM1*82*2*MIDWEST CARDIAC AND SPECIALTY GROUP*****XX*1111111111~DTM*232*20240115~SVC*HC:99213*95.00*80.00**1~DTM*472*20240115~SE*15*0001~GE*1*1~IEA*1*000000001~