ISA*00*          *00*          *ZZ*PENGUIN        *ZZ*PROVIDER       *260620*1200*U*00501*000000001*0*P*:~GS*HP*PENGUIN*PROVIDER*20260620*1200*1*X*005010X221A1~ST*835*0001~BPR*C*225.00*C*ACH*CCP*01*999999999*DA*1234567*1234567890**01*999999999*DA*9876543*20260620~TRN*1*ERA-RS-04*1234567890~DTM*405*20260620~N1*PR*PENGUIN HEALTH PLAN~N1*PE*PROVIDER GROUP*XX*9900000001~LX*1~CLP*PAY-RS-0004*1*250.00*225.00*0.00*MC*PHP-RS-0004*11~NM1*QC*1*Frazier*Herman****MI*MA-000016~NM1*82*2*LAKESIDE MULTI SPECIALTY ASSOCIATES*****XX*2222222222~DTM*232*20260620~SVC*HC:99285*250.00*225.00**1~DTM*472*20260620~SE*15*0001~GE*1*1~IEA*1*000000001~