ISA*00*          *00*          *ZZ*PENGUIN        *ZZ*PROVIDER       *260521*1200*U*00501*000000001*0*P*:~GS*HP*PENGUIN*PROVIDER*20260521*1200*1*X*005010X221A1~ST*835*0001~BPR*C*1410.00*C*ACH*CCP*01*999999999*DA*1234567*1234567890**01*999999999*DA*9876543*20260521~TRN*1*ERA-20260521-007*1234567890~DTM*405*20260521~N1*PR*PENGUIN HEALTH PLAN~N1*PE*PROVIDER GROUP*XX*9900000001~LX*1~CLP*PAY-2026-0010*1*1250.00*985.00*0.00*MC*PHP00098765*11~NM1*QC*1*Ostrowski*Bernard****MI*MA-000006~NM1*82*2*LAKESIDE MULTI SPECIALTY ASSOCIATES*****XX*9900000002~DTM*232*20260518~SVC*HC:99223*295.00*295.00**1~DTM*472*20260518~SVC*HC:93306*685.00*490.00**1~DTM*472*20260518~CAS*CO*45*195.00~SVC*HC:93000*270.00*200.00**1~DTM*472*20260518~CAS*CO*45*70.00~CLP*PAY-2026-0011*1*540.00*425.00*50.00*MC*PHP00098766*11~NM1*QC*1*Kowalski*Evelyn****MI*MA-000003~NM1*82*2*MIDWEST CARDIAC AND SPECIALTY GROUP*****XX*9900000001~DTM*232*20260519~SVC*HC:99284*540.00*425.00**1~DTM*472*20260519~CAS*PR*1*50.00~CAS*CO*45*65.00~SE*28*0001~GE*1*1~IEA*1*000000001~