ISA*00*          *00*          *ZZ*PENGUIN        *ZZ*PROVIDER       *260520*1200*U*00501*000000001*0*P*:~GS*HP*PENGUIN*PROVIDER*20260520*1200*1*X*005010X221A1~ST*835*0001~BPR*C*865.00*C*ACH*CCP*01*999999999*DA*1234567*1234567890**01*999999999*DA*9876543*20260520~TRN*1*ERA-20260520-001*1234567890~DTM*405*20260520~N1*PR*PENGUIN HEALTH PLAN~N1*PE*PROVIDER GROUP*XX*9900000001~LX*1~CLP*PAY-2026-0001*1*865.00*865.00*0.00*MC*PHP00012345*11~NM1*QC*1*Reyes*Mildred****MI*MA-000007~NM1*82*2*MIDWEST CARDIAC AND SPECIALTY GROUP*****XX*9900000001~DTM*232*20260515~SVC*HC:99214*245.00*245.00**1~DTM*472*20260515~SVC*HC:93000*270.00*270.00**1~DTM*472*20260515~SVC*HC:85025*350.00*350.00**1~DTM*472*20260515~SE*18*0001~GE*1*1~IEA*1*000000001~