ISA|00|          |00|          |ZZ|MEDICARE       |ZZ|ARLINGTON      |240620|1600|U|00401|000000006|0|P|:~
GS|HP|MEDICARE|ARLINGTON|20240620|1600|6|X|005010X221A1~
ST|835|0001~
BPR|I|840.00|C|CHK|CCP|01|021000021|DA*111222333*5555555555**01|021000021|DA*666777888*20240620~
TRN|1|ERA20240620006|5555555555~
DTM|405|20240620~
N1|PR|MEDICARE ADVANTAGE|XX|MA-6666~
N1|PE|ARLINGTON SENIOR MEDICAL GROUP|XX|5555555555~
LX|1~
CLP|CLM-2024-ROBERT-001|1|1050.00|840.00|0.00|MA|CLM-20240615-ROBERT~
NM1|QC|1|HARGROVE|ROBERT||||MI|789012~
NM1|82|1|MARSH|LINDA|DR|||MD|9999111112~
HI|BK:I5000|BF:E119|BF:M793|BF:Z794~
SVC|HC:99214|300.00|240.00**1~
DTM|472|20240615~
CAS|CO|45|60.00~
SVC|HC:70450|700.00|560.00**1~
DTM|472|20240615~
CAS|CO|45|140.00~
SVC|HC:92004|50.00|40.00**1~
DTM|472|20240615~
CAS|CO|45|10.00~
SE|24|0001~
GE|1|6~
IEA|1|000000006~
