ISA|00|          |00|          |ZZ|BLUECROSS      |ZZ|PROVIDERORG    |240625|1500|U|00401|000000003|0|P|:~
GS|HP|BLUECROSS|PROVIDERORG|20240625|1500|3|X|005010X221A1~
ST|835|0001~
BPR|I|180.00|C|CHK|CCP|01|021000021|DA*123456789*1111111111**01|021000021|DA*987654321*20240625~
TRN|1|ERA20240625003|1111111111~
DTM|405|20240625~
N1|PR|BLUECROSS PREMIER|XX|BCBS~
N1|PE|CAPITAL PRIMARY CARE|XX|9999000001~
LX|1~
CLP|CLM-2024-835|1|250.00|180.00|0.00|MA|CLM-20240615-835~
NM1|QC|1|TRUMAN|STACY||||MI|123456~
NM1|82|1|CLANCY|HARRY|DR|||MD|9999111111~
SVC|HC:99213|250.00|180.00**1~
DTM|472|20240615~
CAS|CO|45|70.00~
SE|19|0001~
GE|1|3~
IEA|1|000000003~
